@article{li2018p4,
  title={P4: Portable parallel processing pipelines for interactive information visualization},
  author={Li, Jianping Kelvin and Ma, Kwan-Liu},
  journal={IEEE transactions on visualization and computer graphics},
  year={2018},
  publisher={IEEE}
}
@book{card1999readings,
	title={Readings in information visualization: using vision to think},
	author={Card, Mackinlay},
	year={1999},
	publisher={Morgan Kaufmann}
}
@article{bostock2011d3,
	title={D$^3$ data-driven documents},
	author={Bostock, Michael and Ogievetsky, Vadim and Heer, Jeffrey},
	journal={IEEE transactions on visualization and computer graphics},
	volume={17},
	number={12},
	pages={2301--2309},
	year={2011},
	publisher={IEEE}
}
@book{wickham2016ggplot2,
	title={ggplot2: elegant graphics for data analysis},
	author={Wickham, Hadley},
	year={2016},
	publisher={Springer}
}
@article{satyanarayan2015reactive,
	title={Reactive vega: A streaming dataflow architecture for declarative interactive visualization},
	author={Satyanarayan, Arvind and Russell, Ryan and Hoffswell, Jane and Heer, Jeffrey},
	journal={IEEE transactions on visualization and computer graphics},
	volume={22},
	number={1},
	pages={659--668},
	year={2015},
	publisher={IEEE}
}
@article{satyanarayan2016vega,
	title={Vega-lite: A grammar of interactive graphics},
	author={Satyanarayan, Arvind and Moritz, Dominik and Wongsuphasawat, Kanit and Heer, Jeffrey},
	journal={IEEE transactions on visualization and computer graphics},
	volume={23},
	number={1},
	pages={341--350},
	year={2016},
	publisher={IEEE}
}


