@article{corbett2013spanner,
	title={Spanner: Googleâ€™s globally distributed database},
	author={Corbett, James C and Dean, Jeffrey and Epstein, Michael and Fikes, Andrew and Frost, Christopher and Furman, Jeffrey John and Ghemawat, Sanjay and Gubarev, Andrey and Heiser, Christopher and Hochschild, Peter and others},
	journal={ACM Transactions on Computer Systems (TOCS)},
	volume={31},
	number={3},
	pages={1--22},
	year={2013},
	publisher={ACM New York, NY, USA}
}

@inproceedings{bacon2017spanner,
	title={Spanner: Becoming a sql system},
	author={Bacon, David F and Bales, Nathan and Bruno, Nico and Cooper, Brian F and Dickinson, Adam and Fikes, Andrew and Fraser, Campbell and Gubarev, Andrey and Joshi, Milind and Kogan, Eugene and others},
	booktitle={Proceedings of the 2017 ACM International Conference on Management of Data},
	pages={331--343},
	year={2017}
}
@article{brewer2017spanner,
	title={Spanner, truetime and the cap theorem},
	author={Brewer, Eric},
	year={2017}
}
@article{sargsyan2020covid,
	title={The COVID-19 Ontology},
	author={Sargsyan, Astghik and Baksi, Shounak and Darms, Johannes and Madan, Sumit and Gebel, Stephan and Keminer, Oliver and Jose, Geena Mariya and Balabin, Helena and DeLong, Lauren Nicole and Kohler, Manfred and others},
	journal={Bioinformatics},
	year={2020}
}
@inproceedings{wang2015umtg,
	title={UMTG: a toolset to automatically generate system test cases from use case specifications},
	author={Wang, Chunhui and Pastore, Fabrizio and Goknil, Arda and Briand, Lionel C and Iqbal, Zohaib},
	booktitle={Proceedings of the 2015 10th Joint Meeting on Foundations of Software Engineering},
	pages={942--945},
	year={2015}
}
@inproceedings{wang2015automatic,
	title={Automatic generation of system test cases from use case specifications},
	author={Wang, Chunhui and Pastore, Fabrizio and Goknil, Arda and Briand, Lionel and Iqbal, Zohaib},
	booktitle={Proceedings of the 2015 international symposium on software testing and analysis},
	pages={385--396},
	year={2015}
}
@inproceedings{wang2018automated,
	title={Automated generation of constraints from use case specifications to support system testing},
	author={Wang, Chunhui and Pastore, Fabrizio and Briand, Lionel},
	booktitle={2018 IEEE 11th International Conference on Software Testing, Verification and Validation (ICST)},
	pages={23--33},
	year={2018},
	organization={IEEE}
}
@article{wang2020automatic,
	title={Automatic generation of acceptance test cases from use case specifications: an nlp-based approach},
	author={Wang, Chunhui and Pastore, Fabrizio and Goknil, Arda and Briand, Lionel},
	journal={IEEE Transactions on Software Engineering},
	year={2020},
	publisher={IEEE}
}







% BIOINFORMATICS
@article{hanahan2011hallmarks,
	title={Hallmarks of cancer: the next generation},
	author={Hanahan, Douglas and Weinberg, Robert A},
	journal={cell},
	volume={144},
	number={5},
	pages={646--674},
	year={2011},
	publisher={Elsevier}
}

@article{hastings2009mechanisms,
	title={Mechanisms of change in gene copy number},
	author={Hastings, Philip J and Lupski, James R and Rosenberg, Susan M and Ira, Grzegorz},
	journal={Nature Reviews Genetics},
	volume={10},
	number={8},
	pages={551--564},
	year={2009},
	publisher={Nature Publishing Group}
}

@article{shlien2009copy,
	title={Copy number variations and cancer},
	author={Shlien, Adam and Malkin, David},
	journal={Genome medicine},
	volume={1},
	number={6},
	pages={1--9},
	year={2009},
	publisher={BioMed Central}
}

@article{mitelman2007impact,
	title={The impact of translocations and gene fusions on cancer causation},
	author={Mitelman, Felix and Johansson, Bertil and Mertens, Fredrik},
	journal={Nature Reviews Cancer},
	volume={7},
	number={4},
	pages={233--245},
	year={2007},
	publisher={Nature Publishing Group}
}

@article{nattestad2016splitthreader,
	title={SplitThreader: Exploration and analysis of rearrangements in cancer genomes},
	author={Nattestad, Maria and Alford, Marley C and Sedlazeck, Fritz J and Schatz, Michael C},
	journal={bioRxiv},
	pages={087981},
	year={2016},
	publisher={Cold Spring Harbor Laboratory}
}
