@inproceedings{ando2011particle,
	title={A particle-based method for preserving fluid sheets},
	author={Ando, Ryoichi and Tsuruno, Reiji},
	booktitle={Proceedings of the 2011 ACM SIGGRAPH/Eurographics symposium on computer animation},
	pages={7--16},
	year={2011}
}

@incollection{flynn2018adaptive,
	title={Adaptive Fluid Simulation Using a Linear Octree Structure},
	author={Flynn, Sean and Egbert, Parris and Holladay, Seth and Oborn, Jeremy},
	booktitle={Proceedings of Computer Graphics International 2018},
	pages={217--222},
	year={2018}
}


@article{ando2020practical,
	title={A practical octree liquid simulator with adaptive surface resolution},
	author={Ando, Ryoichi and Batty, Christopher},
	journal={ACM Transactions on Graphics (TOG)},
	volume={39},
	number={4},
	pages={32--1},
	year={2020},
	publisher={ACM New York, NY, USA}
}