@article{li2018p4,
  title={P4: Portable parallel processing pipelines for interactive information visualization},
  author={Li, Jianping Kelvin and Ma, Kwan-Liu},
  journal={IEEE transactions on visualization and computer graphics},
  year={2018},
  publisher={IEEE}
}
@book{card1999readings,
	title={Readings in information visualization: using vision to think},
	author={Card, Mackinlay},
	year={1999},
	publisher={Morgan Kaufmann}
}
@article{bostock2011d3,
	title={D$^3$ data-driven documents},
	author={Bostock, Michael and Ogievetsky, Vadim and Heer, Jeffrey},
	journal={IEEE transactions on visualization and computer graphics},
	volume={17},
	number={12},
	pages={2301--2309},
	year={2011},
	publisher={IEEE}
}
@book{wickham2016ggplot2,
	title={ggplot2: elegant graphics for data analysis},
	author={Wickham, Hadley},
	year={2016},
	publisher={Springer}
}
@article{satyanarayan2015reactive,
	title={Reactive vega: A streaming dataflow architecture for declarative interactive visualization},
	author={Satyanarayan, Arvind and Russell, Ryan and Hoffswell, Jane and Heer, Jeffrey},
	journal={IEEE transactions on visualization and computer graphics},
	volume={22},
	number={1},
	pages={659--668},
	year={2015},
	publisher={IEEE}
}
@article{satyanarayan2016vega,
	title={Vega-lite: A grammar of interactive graphics},
	author={Satyanarayan, Arvind and Moritz, Dominik and Wongsuphasawat, Kanit and Heer, Jeffrey},
	journal={IEEE transactions on visualization and computer graphics},
	volume={23},
	number={1},
	pages={341--350},
	year={2016},
	publisher={IEEE}
}


@report{dna2020located,
	title={How genetic disorders are inherited},
	author={Mayo Clinics},
	year={2020},
	howpublished = {\url{https://www.mayoclinic.org/tests-procedures/genetic-testing/multimedia/genetic-disorders/sls-20076216?s=2}},
	note = {Accessed: 2020-03-20}
}

@book{archibald2018genomics,
	title={Genomics: A Very Short Introduction},
	author={Archibald, John M},
	volume={559},
	year={2018},
	publisher={Oxford University Press}
}



@article{jin2017similarity,
	title={Similarity/dissimilarity calculation methods of DNA sequences: a survey},
	author={Jin, Xin and Jiang, Qian and Chen, Yanyan and Lee, Shin-Jye and Nie, Rencan and Yao, Shaowen and Zhou, Dongming and He, Kangjian},
	journal={Journal of Molecular Graphics and Modelling},
	volume={76},
	pages={342--355},
	year={2017},
	publisher={Elsevier}
}

@article{delibacs2020dna,
	title={DNA sequence similarity analysis using image texture analysis based on first-order statistics},
	author={Deliba{\c{s}}, Emre and Arslan, Ahmet},
	journal={Journal of Molecular Graphics and Modelling},
	pages={107603},
	year={2020},
	publisher={Elsevier}
}
@book{xiong2006essential,
	title={Essential bioinformatics},
	author={Xiong, Jin},
	year={2006},
	publisher={Cambridge University Press}
}

@article{tang2020origin,
	title={On the origin and continuing evolution of SARS-CoV-2},
	author={Tang, Xiaolu and Wu, Changcheng and Li, Xiang and Song, Yuhe and Yao, Xinmin and Wu, Xinkai and Duan, Yuange and Zhang, Hong and Wang, Yirong and Qian, Zhaohui and others},
	journal={National Science Review},
	year={2020}
}

@report{phylobirds2020,
	title={First ever family tree for all living birds reveals evolution and diversification},
	author={Paul Mannion},
	year={2020}
	
}

@article{subramanian2019evolview,
	title={Evolview v3: a webserver for visualization, annotation, and management of phylogenetic trees},
	author={Subramanian, Balakrishnan and Gao, Shenghan and Lercher, Martin J and Hu, Songnian and Chen, Wei-Hua},
	journal={Nucleic acids research},
	volume={47},
	number={W1},
	pages={W270--W275},
	year={2019},
	publisher={Oxford University Press}
}

@article{randhawa2020machine,
	title={Machine learning using intrinsic genomic signatures for rapid classification of novel pathogens: COVID-19 case study},
	author={Randhawa, Gurjit S and Soltysiak, Maximillian PM and El Roz, Hadi and de Souza, Camila PE and Hill, Kathleen A and Kari, Lila},
	journal={Plos one},
	volume={15},
	number={4},
	pages={e0232391},
	year={2020},
	publisher={Public Library of Science San Francisco, CA USA}
}



@article{chen2018use,
	title={Use of image texture analysis to find DNA sequence similarities},
	author={Chen, Weiyang and Liao, Bo and Li, Weiwei},
	journal={Journal of theoretical biology},
	volume={455},
	pages={1--6},
	year={2018},
	publisher={Elsevier}
}
@article{robinson2016phylo,
	title={Phylo. io: interactive viewing and comparison of large phylogenetic trees on the web},
	author={Robinson, Oscar and Dylus, David and Dessimoz, Christophe},
	journal={Molecular biology and evolution},
	volume={33},
	number={8},
	pages={2163--2166},
	year={2016},
	publisher={Society for Molecular Biology and Evolution}
}


@article{kouchaki2019signal,
	title={A signal processing method for alignment-free metagenomic binning: Multi-resolution genomic binary patterns},
	author={Kouchaki, Samaneh and Tapinos, Avraam and Robertson, David L},
	journal={Scientific reports},
	volume={9},
	number={1},
	pages={1--10},
	year={2019},
	publisher={Nature Publishing Group}
}
@article{robinson1981comparison,
	title={Comparison of phylogenetic trees},
	author={Robinson, David F and Foulds, Leslie R},
	journal={Mathematical biosciences},
	volume={53},
	number={1-2},
	pages={131--147},
	year={1981},
	publisher={Elsevier}
}

@article{karlin1994comparisons,
	title={Comparisons of eukaryotic genomic sequences},
	author={Karlin, Samuel and Ladunga, Istvan},
	journal={Proceedings of the National Academy of Sciences},
	volume={91},
	number={26},
	pages={12832--12836},
	year={1994},
	publisher={National Acad Sciences}
}
@article{campbell1999genome,
	title={Genome signature comparisons among prokaryote, plasmid, and mitochondrial DNA},
	author={Campbell, Allan and Mrazek, Jan and Karlin, Samuel},
	journal={Proceedings of the National Academy of Sciences},
	volume={96},
	number={16},
	pages={9184--9189},
	year={1999},
	publisher={National Acad Sciences}
}

@article{shedlock2007phylogenomics,
	title={Phylogenomics of nonavian reptiles and the structure of the ancestral amniote genome},
	author={Shedlock, Andrew M and Botka, Christopher W and Zhao, Shaying and Shetty, Jyoti and Zhang, Tingting and Liu, Jun S and Deschavanne, Patrick J and Edwards, Scott V},
	journal={Proceedings of the National Academy of Sciences},
	volume={104},
	number={8},
	pages={2767--2772},
	year={2007},
	publisher={National Acad Sciences}
}

@article{wu2001statistical,
	title={Statistical measures of DNA sequence dissimilarity under Markov chain models of base composition},
	author={Wu, Tiee-Jian and Hsieh, Ya-Ching and Li, Lung-An},
	journal={Biometrics},
	volume={57},
	number={2},
	pages={441--448},
	year={2001},
	publisher={Wiley Online Library}
}



@article{sims2011whole,
	title={Whole-genome phylogeny of Escherichia coli/Shigella group by feature frequency profiles (FFPs)},
	author={Sims, Gregory E and Kim, Sung-Hou},
	journal={Proceedings of the National Academy of Sciences},
	volume={108},
	number={20},
	pages={8329--8334},
	year={2011},
	publisher={National Acad Sciences}
}



@article{wu2005optimal,
	title={Optimal word sizes for dissimilarity measures and estimation of the degree of dissimilarity between DNA sequences},
	author={Wu, Tiee-Jian and Huang, Ying-Hsueh and Li, Lung-An},
	journal={Bioinformatics},
	volume={21},
	number={22},
	pages={4125--4132},
	year={2005},
	publisher={Oxford University Press}
}
@article{dai2008markov,
	title={Markov model plus k-word distributions: a synergy that produces novel statistical measures for sequence comparison},
	author={Dai, Qi and Yang, Yanchun and Wang, Tianming},
	journal={Bioinformatics},
	volume={24},
	number={20},
	pages={2296--2302},
	year={2008},
	publisher={Oxford University Press}
}
@article{haubold2014alignment,
	title={Alignment-free phylogenetics and population genetics},
	author={Haubold, Bernhard},
	journal={Briefings in bioinformatics},
	volume={15},
	number={3},
	pages={407--418},
	year={2014},
	publisher={Oxford University Press}
}
@article{karamichalis2015investigation,
	title={An investigation into inter-and intragenomic variations of graphic genomic signatures},
	author={Karamichalis, Rallis and Kari, Lila and Konstantinidis, Stavros and Kopecki, Steffen},
	journal={BMC bioinformatics},
	volume={16},
	number={1},
	pages={246},
	year={2015},
	publisher={Springer}
}
@article{vinga2003alignment,
	title={Alignment-free sequence comparisonâ€”a review},
	author={Vinga, Susana and Almeida, Jonas},
	journal={Bioinformatics},
	volume={19},
	number={4},
	pages={513--523},
	year={2003},
	publisher={Oxford University Press}
}
@article{sims2009alignment,
	title={Alignment-free genome comparison with feature frequency profiles (FFP) and optimal resolutions},
	author={Sims, Gregory E and Jun, Se-Ran and Wu, Guohong A and Kim, Sung-Hou},
	journal={Proceedings of the National Academy of Sciences},
	volume={106},
	number={8},
	pages={2677--2682},
	year={2009},
	publisher={National Acad Sciences}
}