@report{hgp2021,
	author = {NIH},
	title = {The HUman Genome Project},
	type = {Web resource},
	institution = {National Human Genome Research Institute},
	date = {2021},
	OPTurl = {https://www.genome.gov/human-genome-project}

}

@book{archibald2018genomics,
	title={Genomics: A Very Short Introduction},
	author={Archibald, John M},
	volume={559},
	year={2018},
	publisher={Oxford University Press}
}

@book{xiong2006essential,
	title={Essential bioinformatics},
	author={Xiong, Jin},
	year={2006},
	publisher={Cambridge University Press}
}

@article{higgins1988clustal,
	title={CLUSTAL: a package for performing multiple sequence alignment on a microcomputer},
	author={Higgins, Desmond G and Sharp, Paul M},
	journal={Gene},
	volume={73},
	number={1},
	pages={237--244},
	year={1988},
	publisher={Elsevier}
}
@article{higgins1992clustal,
	title={CLUSTAL V: improved software for multiple sequence alignment},
	author={Higgins, Desmond G and Bleasby, Alan J and Fuchs, Rainer},
	journal={Bioinformatics},
	volume={8},
	number={2},
	pages={189--191},
	year={1992},
	publisher={Oxford University Press}
}
@article{thompson1994clustal,
	title={CLUSTAL W: improving the sensitivity of progressive multiple sequence alignment through sequence weighting, position-specific gap penalties and weight matrix choice},
	author={Thompson, Julie D and Higgins, Desmond G and Gibson, Toby J},
	journal={Nucleic acids research},
	volume={22},
	number={22},
	pages={4673--4680},
	year={1994},
	publisher={Oxford University Press}
}
@article{jeanmougin1998multiple,
	title={Multiple sequence alignment with Clustal X},
	author={Jeanmougin, Francois and Thompson, Julie D and Gouy, Manolo and Higgins, Desmond G and Gibson, Toby J},
	journal={Trends in biochemical sciences},
	volume={23},
	number={10},
	pages={403--405},
	year={1998},
	publisher={Elsevier}
}
@article{edgar2004muscle,
	title={MUSCLE: multiple sequence alignment with high accuracy and high throughput},
	author={Edgar, Robert C},
	journal={Nucleic acids research},
	volume={32},
	number={5},
	pages={1792--1797},
	year={2004},
	publisher={Oxford University Press}
}
@article{wang1994complexity,
	title={On the complexity of multiple sequence alignment},
	author={Wang, Lusheng and Jiang, Tao},
	journal={Journal of computational biology},
	volume={1},
	number={4},
	pages={337--348},
	year={1994}
}

@phdthesis{zablocki2009multiple,
	title={Multiple sequence alignment using Particle swarm optimization},
	author={Zablocki, Fabien Bernard Roman and others},
	year={2009},
	school={University of Pretoria}
}

@article{zhan2019probpfp,
	title={ProbPFP: a multiple sequence alignment algorithm combining hidden Markov model optimized by particle swarm optimization with partition function},
	author={Zhan, Qing and Wang, Nan and Jin, Shuilin and Tan, Renjie and Jiang, Qinghua and Wang, Yadong},
	journal={BMC bioinformatics},
	volume={20},
	number={18},
	pages={1--10},
	year={2019},
	publisher={BioMed Central}
}

@article{lalwani2019multi,
	title={Multi-objective three level parallel PSO algorithm for structural alignment of complex RNA sequences},
	author={Lalwani, Soniya and Sharma, Harish},
	journal={Evolutionary Intelligence},
	pages={1--9},
	year={2019},
	publisher={Springer}
}

@article{moustafa2017fragmented,
	title={Fragmented protein sequence alignment using two-layer particle swarm optimization (FTLPSO)},
	author={Moustafa, Nourelhuda and Elhosseini, Moustafa and Taha, Tarek Hosny and Salem, Mofreh},
	journal={Journal of King Saud University-Science},
	volume={29},
	number={2},
	pages={191--205},
	year={2017},
	publisher={Elsevier}
}

@article{altschul1997gapped,
	title={Gapped BLAST and PSI-BLAST: a new generation of protein database search programs},
	author={Altschul, Stephen F and Madden, Thomas L and Sch{\"a}ffer, Alejandro A and Zhang, Jinghui and Zhang, Zheng and Miller, Webb and Lipman, David J},
	journal={Nucleic acids research},
	volume={25},
	number={17},
	pages={3389--3402},
	year={1997},
	publisher={Oxford University Press}
}


@inproceedings{bjornson2002turboblast,
	title={TurboBLAST (r): A parallel implementation of BLAST built on the TurboHub},
	author={Bjornson, Robert D and Sherman, AH and Weston, Stephen B and Willard, Nathan and Wing, James},
	booktitle={ipdps},
	pages={0183},
	year={2002},
	organization={IEEE}
}

@article{oehmen2006scalablast,
	title={ScalaBLAST: a scalable implementation of BLAST for high-performance data-intensive bioinformatics analysis},
	author={Oehmen, Chris and Nieplocha, Jarek},
	journal={IEEE Transactions on Parallel and Distributed Systems},
	volume={17},
	number={8},
	pages={740--749},
	year={2006},
	publisher={IEEE}
}

@article{edgar2010search,
	title={Search and clustering orders of magnitude faster than BLAST},
	author={Edgar, Robert C},
	journal={Bioinformatics},
	volume={26},
	number={19},
	pages={2460--2461},
	year={2010},
	publisher={Oxford University Press}
}

@article{oehmen2013scalablast,
	title={ScalaBLAST 2.0: rapid and robust BLAST calculations on multiprocessor systems},
	author={Oehmen, Christopher S and Baxter, Douglas J},
	journal={Bioinformatics},
	volume={29},
	number={6},
	pages={797--798},
	year={2013},
	publisher={Oxford University Press}
}


@inproceedings{lei2009multiple,
	title={Multiple sequence alignment based on chaotic PSO},
	author={Lei, Xiu-juan and Sun, Jing-jing and Ma, Qian-zhi},
	booktitle={International Symposium on Intelligence Computation and Applications},
	pages={351--360},
	year={2009},
	organization={Springer}
}

@inproceedings{xu2009method,
	title={A method for multiple sequence alignment based on particle swarm optimization},
	author={Xu, Fasheng and Chen, Yuehui},
	booktitle={International Conference on Intelligent Computing},
	pages={965--973},
	year={2009},
	organization={Springer}
}

@article{lalwani2017efficient,
	title={Efficient Two-Level Swarm Intelligence Approach for Multiple Sequence Alignment},
	author={Lalwani, Soniya and Kumar, Rajesh and Gupta, Nilama},
	journal={Computing and Informatics},
	volume={35},
	number={4},
	pages={963--985},
	year={2017}
}
@incollection{lalwani2019efficient,
	title={An efficient bi-level discrete PSO variant for multiple sequence alignment},
	author={Lalwani, Soniya and Sharma, Harish and Mohan, M Krishna and Deep, Kusum},
	booktitle={Harmony Search and Nature Inspired Optimization Algorithms},
	pages={797--807},
	year={2019},
	publisher={Springer}
}
@article{hongwei2005pso,
	title={PSO for Multiple Sequences Alignment [J]},
	author={Hongwei, Zhang Pengshuai Huo},
	journal={Computer Engineering and Applications},
	volume={18},
	year={2005}
}
@article{rasmussen2003improved,
	title={Improved Hidden Markov Model training for multiple sequence alignment by a particle swarm optimizationâ€”evolutionary algorithm hybrid},
	author={Rasmussen, Thomas Kiel and Krink, Thiemo},
	journal={Biosystems},
	volume={72},
	number={1-2},
	pages={5--17},
	year={2003},
	publisher={Elsevier}
}

@article{chaabane2018hybrid,
	title={A hybrid solver for protein multiple sequence alignment problem},
	author={Chaabane, Lamiche},
	journal={Journal of bioinformatics and computational biology},
	volume={16},
	number={04},
	pages={1850015},
	year={2018},
	publisher={World Scientific}
}
