@book{xiong2006essential,
  title={Essential bioinformatics},
  author={Xiong, Jin},
  year={2006},
  publisher={Cambridge University Press}
}
@article{luscombe2001bioinformatics,
	title={What is bioinformatics? A proposed definition and overview of the field},
	author={Luscombe, Nicholas M and Greenbaum, Dov and Gerstein, Mark},
	journal={Methods of information in medicine},
	volume={40},
	number={04},
	pages={346--358},
	year={2001},
	publisher={Schattauer GmbH}
}
@phdthesis{zablocki2009multiple,
	title={Multiple sequence alignment using Particle swarm optimization},
	author={Zablocki, Fabien Bernard Roman and others},
	year={2009},
	school={University of Pretoria}
}