@article{alberts1998cell,
  title={The cell as a collection of protein machines: preparing the next generation of molecular biologists},
  author={Alberts, Bruce},
  journal={cell},
  volume={92},
  number={3},
  pages={291--294},
  year={1998},
  publisher={Elsevier}
}

@book{srihari2017computational,
	title={Computational prediction of protein complexes from protein interaction networks},
	author={Srihari, Sriganesh and Yong, Chern Han and Wong, Limsoon},
	year={2017},
	publisher={Morgan \& Claypool}
}
@article{berggaard2007methods,
	title={Methods for the detection and analysis of protein--protein interactions},
	author={Bergg{\aa}rd, Tord and Linse, Sara and James, Peter},
	journal={Proteomics},
	volume={7},
	number={16},
	pages={2833--2842},
	year={2007},
	publisher={Wiley Online Library}
}
@article{gligorijevic2020structure,
	title={Structure-based function prediction using graph convolutional networks},
	author={Gligorijevic, Vladimir and Renfrew, P Douglas and Kosciolek, Tomasz and Leman, Julia Koehler and Berenberg, Daniel and Vatanen, Tommi and Chandler, Chris and Taylor, Bryn C and Fisk, Ian M and Vlamakis, Hera and others},
	journal={bioRxiv},
	pages={786236},
	year={2020},
	publisher={Cold Spring Harbor Laboratory}
}
@article{vazquez2003global,
	title={Global protein function prediction from protein-protein interaction networks},
	author={Vazquez, Alexei and Flammini, Alessandro and Maritan, Amos and Vespignani, Alessandro},
	journal={Nature biotechnology},
	volume={21},
	number={6},
	pages={697--700},
	year={2003},
	publisher={Nature Publishing Group}
}
@article{kovacs2019network,
	title={Network-based prediction of protein interactions},
	author={Kov{\'a}cs, Istv{\'a}n A and Luck, Katja and Spirohn, Kerstin and Wang, Yang and Pollis, Carl and Schlabach, Sadie and Bian, Wenting and Kim, Dae-Kyum and Kishore, Nishka and Hao, Tong and others},
	journal={Nature communications},
	volume={10},
	number={1},
	pages={1--8},
	year={2019},
	publisher={Nature Publishing Group}
}

@article{jia2019ippi,
	title={iPPI-PseAAC (CGR): Identify protein-protein interactions by incorporating chaos game representation into PseAAC},
	author={Jia, Jianhua and Li, Xiaoyan and Qiu, Wangren and Xiao, Xuan and Chou, Kuo-Chen},
	journal={Journal of theoretical biology},
	volume={460},
	pages={195--203},
	year={2019},
	publisher={Elsevier}
}

@article{wang2019predicting,
	title={Predicting protein-protein interactions from matrix-based protein sequence using convolution neural network and feature-selective rotation forest},
	author={Wang, Lei and Wang, Hai-Feng and Liu, San-Rong and Yan, Xin and Song, Ke-Jian},
	journal={Scientific reports},
	volume={9},
	number={1},
	pages={1--12},
	year={2019},
	publisher={Nature Publishing Group}
}
@article{zhang2019protein,
	title={Protein--protein interactions prediction based on ensemble deep neural networks},
	author={Zhang, Long and Yu, Guoxian and Xia, Dawen and Wang, Jun},
	journal={Neurocomputing},
	volume={324},
	pages={10--19},
	year={2019},
	publisher={Elsevier}
}

@article{zeng2020protein,
	title={Protein--protein interaction site prediction through combining local and global features with deep neural networks},
	author={Zeng, Min and Zhang, Fuhao and Wu, Fang-Xiang and Li, Yaohang and Wang, Jianxin and Li, Min},
	journal={Bioinformatics},
	volume={36},
	number={4},
	pages={1114--1120},
	year={2020},
	publisher={Oxford University Press}
}


@article{newaz2018network,
	title={Network-based protein structural classification},
	author={Newaz, Khalique and Ghalehnovi, Mahboobeh and Rahnama, Arash and Antsaklis, Panos J and Milenkovi{\'c}, Tijana},
	journal={Royal Society Open Science},
	volume={7},
	number={6},
	pages={191461},
	year={2018},
	publisher={The Royal Society}
}
@inproceedings{freschi2007protein,
	title={Protein function prediction from interaction networks using a random walk ranking algorithm},
	author={Freschi, Valerio},
	booktitle={2007 IEEE 7th International Symposium on BioInformatics and BioEngineering},
	pages={42--48},
	year={2007},
	organization={IEEE}
}
@article{vascon2020protein,
	title={Protein function prediction as a graph-transduction game},
	author={Vascon, Sebastiano and Frasca, Marco and Tripodi, Rocco and Valentini, Giorgio and Pelillo, Marcello},
	journal={Pattern Recognition Letters},
	volume={134},
	pages={96--105},
	year={2020},
	publisher={Elsevier}
}
@article{you2019netgo,
	title={NetGO: improving large-scale protein function prediction with massive network information},
	author={You, Ronghui and Yao, Shuwei and Xiong, Yi and Huang, Xiaodi and Sun, Fengzhu and Mamitsuka, Hiroshi and Zhu, Shanfeng},
	journal={Nucleic acids research},
	volume={47},
	number={W1},
	pages={W379--W387},
	year={2019},
	publisher={Oxford University Press}
}
@phdthesis{ghalehnovi2019novel,
	title={Novel Computational Approaches for Network-Based Protein Structural Classification},
	author={Ghalehnovi, Mahboobeh},
	year={2019},
	school={University Of Notre Dame}
}

@phdthesis{Susha2019,
	title={Attributed Graph Classification via Deep Graph Convolutional	Neural Networks},
	author={Susha, Pozhampallan},
	year={2019},
	school={University Of Windsor}
}
@article{ogris2018funcoup,
	title={FunCoup 4: new species, data, and visualization},
	author={Ogris, Christoph and Guala, Dimitri and Kaduk, Mateusz and Sonnhammer, Erik LL},
	journal={Nucleic acids research},
	volume={46},
	number={D1},
	pages={D601--D607},
	year={2018},
	publisher={Oxford University Press}
}
